@Article{prop:SpearHistory,
	author = 	"Hartmut Thieme",
	title = 	"Lower Palaeolithic hunting spears from Germany",
	journal = 	"A natureresearch",
	year = 		"1996",
	number = 	"",
	pages = 	"807–810",
	issn = 		"1476-4687",
}

@Misc{odkaz:WeaponCategory,
	author = 		"",
	title = 		"1997 Report of the Panel of Governmental Experts on Small Arms",
	howpublished = 	"online",
	revised = 		"Posledná zmena: 27 August 1997",
	cited = 		"!2017-12-22",
	url = 			"https://www.un.org/Depts/ddar/Firstcom/SGreport52/a52298.html",
}

@book{book:ImageProcessing,
   title =     {Image processing, analysis, and machine vision},
   author =    {Milan Sonka; Vaclav Hlavac; Roger Boyle},
   publisher = {Thomson},
   isbn =      {9780495244387,0495244384},
   year =      {2007},
   series =    {},
   edition =   {International student ed},
   volume =    {},
}

@book{book:ImageProcessingApplication,
   title =     {Image Processing: Principles and Applications},
   author =    {Tinku Acharya, Ajoy K. Ray},
   publisher = {Wiley-Interscience},
   isbn =      {0471719986,9780471719984,9780471745785},
   year =      {2005},
   series =    {},
   edition =   {},
   volume =    {},
}

@book{book:StrelneZbrane,
   title =     {Střelné zbraně},
   author =    {Zdeněk Faktor},
   publisher = {Praha: Magnet-Press},
   isbn =      {80-85847-46-9},
   year =      {1995},
   series =    {},
   edition =   {},
   volume =    {},
}

%---------------------------------------------------------

@Book{kniha:Example,
	author = 	"Rybička, Jiří",
	title = 	"{{\LaTeX}} pro začátečníky",
	publisher = "Konvoj",
	year = 		"2003",
	edition = 	"3",
	address = 	"Brno",
	isbn = 		"80--7302--049--1",
}

@Misc{odkaz:Example,
	author = 		"Martinek, David",
	title = 		"{{\LaTeX}}ové speciality",
	howpublished = 	"online",
	revised = 		"Poslední změna: 25. únor 2010",
	cited = 		"!2016-04-08",
	url = 			"http://www.fit.vutbr.cz/{{\verb|~|}}martinek/latex/index.html",
}

@Article{prop:Example,
	author = 	"IEEE",
	title = 	"Annals of the History of Computing",
	journal = 	"IEEE Computer Society",
	year = 		"1998",
	number = 	"2",
	pages = 	"30-34",
	issn = 		"1058-6180",
}

@BachelorThesis{bakalarka:Example,
	author = 	"Jakub Fiala",
	title = 	"Korekce dle typografických pravidel a jejich výuka",
	school = 	"Masarykova univerzita, Fakulta~Informatiky",
	year = 		"2011",
	address = 	"Brno",
	type = 		"Bakalárská práca",
}

@MasterThesis{diplomovka:Example,
	author = 	"Martin Černý",
	title = 	"Znakové sady v~typografických systémech",
	school = 	"Mendelová zemědělská a lesnická univerzite v~Brně, Fakulta~provozně ekonomická",
	year = 		"1999",
	address = 	"Brno",
	type = 		"Diplomová práca",
}
